<?xml version = "1.0" encoding = "UTF-8"?><OAI-PMH xmlns="http://www.openarchives.org/OAI/2.0/" xmlns:xsi="http://www.w3.org/2001/XMLSchema-instance" xsi:schemaLocation="http://www.openarchives.org/OAI/2.0/ http://www.openarchives.org/OAI/2.0/OAI-PMH.xsd"><ListRecords><record><header><identifier>aleph-publish:018887382</identifier></header><metadata><record xmlns="http://www.ddb.de/professionell/mabxml/mabxml-1.xsd"><leader>------M2.01200024------h</leader><controlfield tag="LDR">------M2.01200024------h</controlfield><controlfield tag="FMT">MH</controlfield><datafield tag="001" ind1="-" ind2="1"><subfield code="a">HT016987148</subfield></datafield><datafield tag="002" ind1="a" ind2="1"><subfield code="a">20111007</subfield></datafield><datafield tag="003" ind1="-" ind2="1"><subfield code="a">20181207</subfield></datafield><datafield tag="025" ind1="o" ind2="1"><subfield code="a">759807835</subfield></datafield><datafield tag="026" ind1="-" ind2="1"><subfield code="a">HBZHT016987148</subfield></datafield><controlfield tag="030">a|1uc||||||17</controlfield><datafield tag="036" ind1="a" ind2="1"><subfield code="a">DE</subfield></datafield><datafield tag="037" ind1="b" ind2="1"><subfield code="a">ger</subfield></datafield><controlfield tag="050">||||||||g|||||</controlfield><controlfield tag="051">my||||||</controlfield><datafield tag="070" ind1="-" ind2="1"><subfield code="a">38 M</subfield></datafield><datafield tag="070" ind1="b" ind2="1"><subfield code="a">38 M</subfield></datafield><datafield tag="078" ind1="i" ind2="1"><subfield code="a">iall</subfield></datafield><datafield tag="078" ind1="r" ind2="1"><subfield code="a">38 M: ellinet; GND: (DE-588)1053580-9</subfield></datafield><datafield tag="078" ind1="n" ind2="1"><subfield code="a">NWBib-61</subfield></datafield><datafield tag="080" ind1="-" ind2="1"><subfield code="a">60</subfield></datafield><datafield tag="100" ind1="-" ind2="1"><subfield code="p">Teschers, Sebastian Friedrich</subfield><subfield code="d">1976-</subfield><subfield code="9">(DE-588)1015942377</subfield></datafield><datafield tag="104" ind1="b" ind2="1"><subfield code="p">Krug, Kathrin Barbara</subfield><subfield code="4">dgs</subfield><subfield code="3">Akademischer Betreuer</subfield></datafield><datafield tag="108" ind1="b" ind2="1"><subfield code="p">Lehmacher, Walter</subfield><subfield code="4">dgs</subfield><subfield code="3">Akademischer Betreuer</subfield><subfield code="9">(DE-588)1168633028</subfield></datafield><datafield tag="200" ind1="b" ind2="1"><subfield code="k">Institut und Poliklinik für Radiologische Diagnostik</subfield><subfield code="h">Köln</subfield><subfield code="4">oth</subfield><subfield code="3">Sonstige</subfield><subfield code="9">(DE-588)10062763-8</subfield></datafield><datafield tag="201" ind1="-" ind2="1"><subfield code="k">Universität Köln</subfield><subfield code="b">Institut und Poliklinik für Radiologische Diagnostik</subfield></datafield><datafield tag="201" ind1="-" ind2="1"><subfield code="k">Poliklinik für Radiologische Diagnostik</subfield><subfield code="h">Köln</subfield></datafield><datafield tag="201" ind1="-" ind2="1"><subfield code="k">Universität Köln</subfield><subfield code="b">Poliklinik für Radiologische Diagnostik</subfield></datafield><datafield tag="331" ind1="-" ind2="1"><subfield code="a">Qualitätskontrolle in der ambulanten bildgebenden Diagnostik in NRW</subfield></datafield><datafield tag="334" ind1="-" ind2="1"><subfield code="a">Elektronische Ressource</subfield></datafield><datafield tag="359" ind1="-" ind2="1"><subfield code="a">vorgelegt von Sebastian Friedrich Teschers ; 1. Berichterstatterin: Frau Professor Dr. med. K. B. Krug 2. Berichterstatter: Universitätsprofessor Dr. re. Nat. W. Lehmacher ; aus dem Institut und der Poliklinik für Radiologische Diagnostik Der Universität zu Köln</subfield></datafield><datafield tag="425" ind1="a" ind2="1"><subfield code="a">2011</subfield></datafield><datafield tag="433" ind1="-" ind2="1"><subfield code="a">97 S. : graph. Darst.</subfield></datafield><datafield tag="519" ind1="-" ind2="1"><subfield code="a">Köln, Univ., Diss., 2011</subfield></datafield><datafield tag="527" ind1="z" ind2="1"><subfield code="p">Druckausg.</subfield><subfield code="a">Teschers, Sebastian Friedrich: Qualitätskontrolle in der ambulanten bildgebenden Diagnostik in NRW</subfield><subfield code="9">HT016988256</subfield></datafield><datafield tag="552" ind1="a" ind2="1"><subfield code="a">10.4126/38m-000000463</subfield></datafield><datafield tag="URN" ind1="-" ind2="1"><subfield code="a">urn:nbn:de:hbz:38m-0000004639</subfield><subfield code="p">DTL2ALEPH:4310774</subfield></datafield><datafield tag="652" ind1="a" ind2="1"><subfield code="a">Archivierte Online-Ressource</subfield></datafield><datafield tag="655" ind1="e" ind2="1"><subfield code="u">http://dx.doi.org/10.4126/38m-38m-000000463</subfield><subfield code="q">pdf</subfield><subfield code="x">Resolving-System</subfield><subfield code="z">kostenfrei</subfield><subfield code="3">Volltext</subfield></datafield><datafield tag="655" ind1="e" ind2="1"><subfield code="u">http://nbn-resolving.de/urn:nbn:de:hbz:38m-0000004639</subfield><subfield code="q">pdf</subfield><subfield code="x">Resolving-System</subfield><subfield code="z">kostenfrei</subfield><subfield code="3">Volltext</subfield></datafield><datafield tag="655" ind1="e" ind2="1"><subfield code="u">https://repository.publisso.de/resource/frl:4310774</subfield><subfield code="x">Langzeitarchivierung</subfield><subfield code="A">0</subfield></datafield><datafield tag="673" ind1="c" ind2="1"><subfield code="a">Köln</subfield><subfield code="9">2015732-0</subfield></datafield><datafield tag="700" ind1="b" ind2="1"><subfield code="a">610</subfield></datafield><datafield tag="700" ind1="n" ind2="1"><subfield code="a">Nordrhein-Westfalen</subfield><subfield code="0">https://nwbib.de/spatial#N01</subfield></datafield><datafield tag="700" ind1="n" ind2="1"><subfield code="a">Medizinische Versorgung</subfield><subfield code="0">https://nwbib.de/subjects#N532030</subfield></datafield><datafield tag="902" ind1="-" ind2="1"><subfield code="g">Nordrhein-Westfalen</subfield><subfield code="9">(DE-588)4042570-8</subfield></datafield><datafield tag="902" ind1="-" ind2="1"><subfield code="s">Diagnostik</subfield><subfield code="9">(DE-588)4113303-1</subfield></datafield><datafield tag="902" ind1="-" ind2="1"><subfield code="s">Bildgebendes Verfahren</subfield><subfield code="9">(DE-588)4006617-4</subfield></datafield><datafield tag="902" ind1="-" ind2="1"><subfield code="s">Ambulante Behandlung</subfield><subfield code="9">(DE-588)4142176-0</subfield></datafield><datafield tag="902" ind1="-" ind2="1"><subfield code="s">Qualitätskontrolle</subfield><subfield code="9">(DE-588)4047968-7</subfield></datafield><datafield tag="902" ind1="-" ind2="1"><subfield code="f">Online-Ressource</subfield></datafield><datafield tag="903" ind1="-" ind2="1"><subfield code="a">234516</subfield><subfield code="a">324516</subfield><subfield code="a">423516</subfield><subfield code="a">523416</subfield></datafield><controlfield tag="SYS">018887382</controlfield><datafield tag="LOW" ind1="-" ind2="1"><subfield code="a">KM001</subfield></datafield><datafield tag="952" ind1="-" ind2="1"><subfield code="g">Nord-Westphalie</subfield></datafield><datafield tag="952" ind1="-" ind2="1"><subfield code="g">Norte-Westfalia</subfield></datafield><datafield tag="952" ind1="-" ind2="1"><subfield code="g">NRW</subfield></datafield><datafield tag="952" ind1="-" ind2="1"><subfield code="g">North Rhine-Westphalia</subfield></datafield><datafield tag="952" ind1="-" ind2="1"><subfield code="g">NW</subfield></datafield><datafield tag="952" ind1="-" ind2="1"><subfield code="g">Noordrijn-Westfalen</subfield></datafield><datafield tag="952" ind1="-" ind2="1"><subfield code="g">North-Rhine/Westphalia</subfield></datafield><datafield tag="952" ind1="-" ind2="1"><subfield code="g">Land Nordrhein-Westfalen</subfield></datafield><datafield tag="952" ind1="-" ind2="1"><subfield code="s">Medizinische Diagnostik</subfield></datafield><datafield tag="952" ind1="-" ind2="1"><subfield code="s">Medizin</subfield><subfield code="x">Diagnostik</subfield></datafield><datafield tag="952" ind1="-" ind2="1"><subfield code="s">Klinische Diagnostik</subfield></datafield><datafield tag="952" ind1="-" ind2="1"><subfield code="s">Diagnostisches Verfahren</subfield></datafield><datafield tag="952" ind1="-" ind2="1"><subfield code="s">Bildgebendes Diagnoseverfahren</subfield></datafield><datafield tag="952" ind1="-" ind2="1"><subfield code="s">Diagnostik</subfield><subfield code="x">Bildgebendes Verfahren</subfield></datafield><datafield tag="952" ind1="-" ind2="1"><subfield code="s">Bilddiagnostik</subfield></datafield><datafield tag="952" ind1="-" ind2="1"><subfield code="s">Bildgebende Methode</subfield></datafield><datafield tag="952" ind1="-" ind2="1"><subfield code="s">Medical Imaging</subfield></datafield><datafield tag="952" ind1="-" ind2="1"><subfield code="s">Medizinische Bildgebung</subfield></datafield><datafield tag="952" ind1="-" ind2="1"><subfield code="s">Bildgebende Diagnostik</subfield></datafield><datafield tag="952" ind1="-" ind2="1"><subfield code="s">Bildgebende Verfahren</subfield></datafield><datafield tag="952" ind1="-" ind2="1"><subfield code="s">Imaging</subfield></datafield><datafield tag="952" ind1="-" ind2="1"><subfield code="s">Ambulante ärztliche Versorgung</subfield></datafield><datafield tag="952" ind1="-" ind2="1"><subfield code="s">Ambulante Krankenversorgung</subfield></datafield><datafield tag="952" ind1="-" ind2="1"><subfield code="s">Ambulante Therapie</subfield></datafield><datafield tag="952" ind1="-" ind2="1"><subfield code="s">Güteprüfung</subfield></datafield><datafield tag="952" ind1="-" ind2="1"><subfield code="s">Qualitätsprüfung</subfield></datafield><datafield tag="952" ind1="-" ind2="1"><subfield code="s">Quality control</subfield></datafield><datafield tag="088" ind1=" " ind2=" "><subfield code="a">38 M</subfield><subfield code="b">00000099</subfield><subfield code="c">Elektronische Publikation</subfield><subfield code="e">keine ILL</subfield></datafield></record></metadata></record></ListRecords></OAI-PMH>